@inproceedings{johari2017peeking,
  title={Peeking at a/b tests: Why it matters, and what to do about it},
  author={Johari, Ramesh and Koomen, Pete and Pekelis, Leonid and Walsh, David},
  booktitle={Proceedings of the 23rd ACM SIGKDD International Conference on Knowledge Discovery and Data Mining},
  pages={1517--1525},
  year={2017},
  organization={ACM}
}

@book{montgomery2017design,
  title={Design and analysis of experiments},
  author={Montgomery, Douglas C},
  year={2017},
  publisher={John wiley \& sons}
}

@book{tartakovsky2014sequential,
  title={Sequential analysis: Hypothesis testing and changepoint detection},
  author={Tartakovsky, Alexander and Nikiforov, Igor and Basseville, Michele},
  year={2014},
  publisher={Chapman and Hall/CRC}
}

@article{bubeck2012regret,
  title={Regret analysis of stochastic and nonstochastic multi-armed bandit problems},
  author={Bubeck, S{\'e}bastien and Cesa-Bianchi, Nicolo and others},
  journal={Foundations and Trends{\textregistered} in Machine Learning},
  volume={5},
  number={1},
  pages={1--122},
  year={2012},
  publisher={Now Publishers, Inc.}
}


@article{kohavi2009controlled,
  title={Controlled experiments on the web: survey and practical guide},
  author={Kohavi, Ron and Longbotham, Roger and Sommerfield, Dan and Henne, Randal M},
  journal={Data mining and knowledge discovery},
  volume={18},
  number={1},
  pages={140--181},
  year={2009},
  publisher={Springer}
}


@book{white2012bandit,
  title={Bandit algorithms for website optimization},
  author={White, John},
  year={2012},
  publisher={" O'Reilly Media, Inc."}
}

@article{thompson1933likelihood,
  title={On the likelihood that one unknown probability exceeds another in view of the evidence of two samples},
  author={Thompson, William R},
  journal={Biometrika},
  volume={25},
  number={3/4},
  pages={285--294},
  year={1933},
  publisher={JSTOR}
}

@article{schwartz2017customer,
  title={Customer acquisition via display advertising using multi-armed bandit experiments},
  author={Schwartz, Eric M and Bradlow, Eric T and Fader, Peter S},
  journal={Marketing Science},
  volume={36},
  number={4},
  pages={500--522},
  year={2017},
  publisher={INFORMS}
}


@article{lattimore2018bandit,
  title={Bandit algorithms},
  author={Lattimore, Tor and Szepesv{\'a}ri, Csaba},
  journal={preprint},
  year={2018}
}

@article{auer2002using,
  title={Using confidence bounds for exploitation-exploration trade-offs},
  author={Auer, Peter},
  journal={Journal of Machine Learning Research},
  volume={3},
  number={Nov},
  pages={397--422},
  year={2002}
}

@incollection{hoeffding1994probability,
  title={Probability inequalities for sums of bounded random variables},
  author={Hoeffding, Wassily},
  booktitle={The Collected Works of Wassily Hoeffding},
  pages={409--426},
  year={1994},
  publisher={Springer}
}

@article{auer2002finite,
  title={Finite-time analysis of the multiarmed bandit problem},
  author={Auer, Peter and Cesa-Bianchi, Nicolo and Fischer, Paul},
  journal={Machine learning},
  volume={47},
  number={2-3},
  pages={235--256},
  year={2002},
  publisher={Springer}
}

@article{kuleshov2014algorithms,
  title={Algorithms for multi-armed bandit problems},
  author={Kuleshov, Volodymyr and Precup, Doina},
  journal={arXiv preprint arXiv:1402.6028},
  year={2014}
}



@inproceedings{vermorel2005multi,
  title={Multi-armed bandit algorithms and empirical evaluation},
  author={Vermorel, Joannes and Mohri, Mehryar},
  booktitle={European conference on machine learning},
  pages={437--448},
  year={2005},
  organization={Springer}
}

@article{chernoff1952measure,
  title={A measure of asymptotic efficiency for tests of a hypothesis based on the sum of observations},
  author={Chernoff, Herman and others},
  journal={The Annals of Mathematical Statistics},
  volume={23},
  number={4},
  pages={493--507},
  year={1952},
  publisher={Institute of Mathematical Statistics}
}

@article{villar2018bandit,
  title={Bandit strategies evaluated in the context of clinical trials in rare life-threatening diseases},
  author={Villar, Sof{\'\i}a S},
  journal={Probability in the engineering and informational sciences},
  volume={32},
  number={2},
  pages={229--245},
  year={2018},
  publisher={Cambridge University Press}
}

@article{misra2019dynamic,
  title={Dynamic Online Pricing with Incomplete Information Using Multiarmed Bandit Experiments},
  author={Misra, Kanishka and Schwartz, Eric M and Abernethy, Jacob},
  journal={Marketing Science},
  volume={38},
  number={2},
  pages={226--252},
  year={2019},
  publisher={INFORMS}
}


@article{nie2017adaptively,
  title={Why adaptively collected data have negative bias and how to correct for it},
  author={Nie, Xinkun and Tian, Xiaoying and Taylor, Jonathan and Zou, James},
  journal={arXiv preprint arXiv:1708.01977},
  year={2017}
}


